@Article{Mennes2013,
   Author="Mennes, M.  and Biswal, B. B.  and Castellanos, F. X.  and Milham, M. P. ",
   Title="{{M}aking data sharing work: the {F}{C}{P}/{I}{N}{D}{I} experience}",
   Journal="Neuroimage",
   Year="2013",
   Volume="82",
   Pages="683--691",
   Month="Nov"
}

@article{smith2004advances,
  title={Advances in functional and structural MR image analysis and implementation as FSL},
  author={Smith, Stephen M and Jenkinson, Mark and Woolrich, Mark W and Beckmann, Christian F and Behrens, Timothy EJ and Johansen-Berg, Heidi and Bannister, Peter R and De Luca, Marilena and Drobnjak, Ivana and Flitney, David E and others},
  journal={Neuroimage},
  volume={23},
  pages={S208--S219},
  year={2004},
  publisher={Academic Press}
}
